{
  "id": "replace_recordId",
  "snapshotId": "replace_snapshotId",
  "matchedId": "replace_recordId",
  "generation": 0,
  "recordType": "MARC_HOLDING",
  "rawRecord": {
    "content": "02046cam a2200397"
  },
  "parsedRecord": {
    "id": "replace_recordId",
    "content": {
      "fields": [
        {
          "001": "in00000000011"
        },
        {
          "008": "950721s1996    nyua     b    000 0 eng  "
        },
        {
          "005": "20210728150129.6"
        },
        {
          "010": {
            "ind1": " ",
            "ind2": " ",
            "subfields": [
              {
                "a": "   95036522"
              }
            ]
          }
        },
        {
          "015": {
            "ind1": " ",
            "ind2": " ",
            "subfields": [
              {
                "a": "GB9678521"
              },
              {
                "2": "bnb"
              }
            ]
          }
        },
        {
          "019": {
            "ind1": " ",
            "ind2": " ",
            "subfields": [
              {
                "a": "36260797"
              }
            ]
          }
        },
        {
          "020": {
            "ind1": " ",
            "ind2": " ",
            "subfields": [
              {
                "a": "0471309400"
              }
            ]
          }
        },
        {
          "020": {
            "ind1": " ",
            "ind2": " ",
            "subfields": [
              {
                "a": "9780471309406"
              }
            ]
          }
        },
        {
          "035": {
            "ind1": " ",
            "ind2": " ",
            "subfields": [
              {
                "a": "(OCoLC)32923445"
              },
              {
                "z": "(OCoLC)36260797"
              }
            ]
          }
        },
        {
          "035": {
            "ind1": " ",
            "ind2": " ",
            "subfields": [
              {
                "a": "(OCoLC)ocm32923445"
              }
            ]
          }
        },
        {
          "040": {
            "ind1": " ",
            "ind2": " ",
            "subfields": [
              {
                "a": "DLC"
              },
              {
                "b": "eng"
              },
              {
                "c": "DLC"
              },
              {
                "d": "UKM"
              },
              {
                "d": "BAKER"
              },
              {
                "d": "BTCTA"
              },
              {
                "d": "YDXCP"
              },
              {
                "d": "DEBBG"
              },
              {
                "d": "OCL"
              },
              {
                "d": "BDX"
              },
              {
                "d": "OCLCF"
              },
              {
                "d": "OCLCQ"
              },
              {
                "d": "OCLCO"
              },
              {
                "d": "TXM"
              }
            ]
          }
        },
        {
          "041": {
            "ind1": "0",
            "ind2": " ",
            "subfields": [
              {
                "a": "rus"
              },
              {
                "b": "eng"
              }
            ]
          }
        },
        {
          "049": {
            "ind1": " ",
            "ind2": " ",
            "subfields": [
              {
                "a": "TXMM"
              }
            ]
          }
        },
        {
          "050": {
            "ind1": "0",
            "ind2": "0",
            "subfields": [
              {
                "a": "PG2117"
              },
              {
                "b": ".G59 1996"
              }
            ]
          }
        },
        {
          "066": {
            "ind1": " ",
            "ind2": " ",
            "subfields": [
              {
                "c": "(N"
              }
            ]
          }
        },
        {
          "082": {
            "ind1": "0",
            "ind2": "0",
            "subfields": [
              {
                "a": "491.786/421"
              },
              {
                "2": "20"
              }
            ]
          }
        },
        {
          "092": {
            "ind1": " ",
            "ind2": " ",
            "subfields": [
              {
                "a": "491.786"
              },
              {
                "b": "G5651"
              }
            ]
          }
        },
        {
          "245": {
            "ind1": "0",
            "ind2": "4",
            "subfields": [
              {
                "a": "The Golden Age :"
              },
              {
                "b": "readings in Russian literature of the nineteenth century /"
              },
              {
                "c": "[compiled by] Sandra F. Rosengrant, Elena D. Lifschitz."
              }
            ]
          }
        },
        {
          "260": {
            "ind1": " ",
            "ind2": " ",
            "subfields": [
              {
                "a": "New York :"
              },
              {
                "b": "J. Wiley,"
              },
              {
                "c": "©1996."
              }
            ]
          }
        },
        {
          "300": {
            "ind1": " ",
            "ind2": " ",
            "subfields": [
              {
                "a": "v, 375 p. :"
              },
              {
                "b": "ill. ;"
              },
              {
                "c": "24 cm."
              }
            ]
          }
        },
        {
          "500": {
            "ind1": " ",
            "ind2": " ",
            "subfields": [
              {
                "a": "UTF8  leader encoded with UTF8 record"
              }
            ]
          }
        },
        {
          "504": {
            "ind1": " ",
            "ind2": " ",
            "subfields": [
              {
                "a": "Includes bibliographical references."
              }
            ]
          }
        },
        {
          "650": {
            "ind1": " ",
            "ind2": "0",
            "subfields": [
              {
                "a": "Russian language"
              },
              {
                "v": "Readers."
              }
            ]
          }
        },
        {
          "650": {
            "ind1": " ",
            "ind2": "0",
            "subfields": [
              {
                "a": "Russian literature"
              },
              {
                "y": "19th century."
              }
            ]
          }
        },
        {
          "700": {
            "ind1": "1",
            "ind2": " ",
            "subfields": [
              {
                "a": "Rosengrant, Sandra F."
              }
            ]
          }
        },
        {
          "700": {
            "ind1": "1",
            "ind2": " ",
            "subfields": [
              {
                "a": "Lifschitz, Elena D."
              }
            ]
          }
        },
        {
          "880": {
            "ind1": "0",
            "ind2": " ",
            "subfields": [
              {
                "6": "505-00/(N"
              },
              {
                "a": "А.С. Пушкин / Выстрел -- А.С. Пушкин / Метель -- Н.В. Гоголь / Нос -- М.Ю. Лермонтов / Фаталист -- И.С. Тургенев / Бурмистр -- Ф.М. Достоевский / Елка и свадьба -- Л.Н. Толстой / Севастополь в мае -- И.С. Тургенев / Отцы и дети -- Ф.М. Достоевский / Преступление и наказание -- Л.Н. Толстой / Анна Каренина -- А.П. Чехов / Анна на шее --  А.П. Чехов / Дама с собачкой -- Русско-английский словарь."
              }
            ]
          }
        },
        {
          "907": {
            "ind1": " ",
            "ind2": " ",
            "subfields": [
              {
                "a": ".b31030506"
              },
              {
                "b": "05-26-15"
              },
              {
                "c": "04-10-15"
              }
            ]
          }
        },
        {
          "998": {
            "ind1": " ",
            "ind2": " ",
            "subfields": [
              {
                "a": "w"
              },
              {
                "b": "05-26-15"
              },
              {
                "c": "m"
              },
              {
                "d": "a  "
              },
              {
                "e": "-"
              },
              {
                "f": "eng"
              },
              {
                "g": "nyu"
              },
              {
                "h": "4"
              },
              {
                "i": "1"
              }
            ]
          }
        },
        {
          "994": {
            "ind1": " ",
            "ind2": " ",
            "subfields": [
              {
                "a": "C0"
              },
              {
                "b": "TXM"
              }
            ]
          }
        },
        {
          "945": {
            "ind1": " ",
            "ind2": " ",
            "subfields": [
              {
                "a": "491.786"
              },
              {
                "b": "G5651"
              },
              {
                "g": "1"
              },
              {
                "i": "33082017611558"
              },
              {
                "j": "0"
              },
              {
                "l": "w3   "
              },
              {
                "o": "-"
              },
              {
                "p": "$76.68"
              },
              {
                "q": "-"
              },
              {
                "r": "-"
              },
              {
                "s": "-  "
              },
              {
                "t": "0"
              },
              {
                "u": "3"
              },
              {
                "v": "0"
              },
              {
                "w": "0"
              },
              {
                "x": "3"
              },
              {
                "y": ".i21033298"
              },
              {
                "z": "05-22-15"
              }
            ]
          }
        },
        {
          "999": {
            "ind1": "f",
            "ind2": "f",
            "subfields": [
              {
                "s": "replace_recordId"
              },
              {
                "i": "replace_instanceId"
              }
            ]
          }
        }
      ],
      "leader": "01895cam a2200409 a 4500"
    }
  },
  "deleted": false,
  "order": 0,
  "externalIdsHolder": {
    "holdingsId": "replace_holdingId"
  },
  "additionalInfo": {
    "suppressDiscovery": false
  },
  "state": "ACTUAL",
  "leaderRecordStatus": "c",
  "metadata": {
    "createdDate": "2021-07-28T15:01:28.752+0000",
    "updatedDate": "2021-07-28T15:01:29.701+0000"
  }
}
